Txn Date,Narration,Withdrawal (Dr),Deposit (Cr),Closing Balance
15/01/2025,UPI-ZOMATO-Swiggy-Food,₹450.00,,₹49,550.00
16/01/2025,NEFT-SALARY-Credit,,₹85,000.00,₹1,34,550.00
17/01/2025,UPI-AMAZON-Order,₹2,499.00,,₹1,32,051.00
18/01/2025,UPI-DMART-Groceries,₹3,150.75,,₹1,28,900.25
19/01/2025,IMPS-RENT-Payment,₹25,000.00,,₹1,03,900.25
20/01/2025,UPI-UBER-Ride,₹289.50,,₹1,03,610.75
21/01/2025,UPI-ELECTRICITY-Bill,₹2,350.00,,₹1,01,260.75
22/01/2025,NEFT-FREELANCE-Payment,,₹18,000.00,₹1,19,260.75
23/01/2025,UPI-NETFLIX-Subscription,₹649.00,,₹1,18,611.75
24/01/2025,UPI-INSURANCE-Premium,₹4,200.00,,₹1,14,411.75
